%------------------------------------ PATHFINDING------------------------------------%

@MISC{Jaimini2017,
  author = {Vaibhav Jaimini},
  title = {Flood-fill Algorithm},
  year = {2017},
  howpublished = {\url{https://www.hackerearth.com/practice/algorithms/graphs/flood-fill-algorithm/tutorial/}},
  note = {Accessed: 2017-12-11}
}

@article {Zipes2506,
	author = {Zipes, Douglas P.},
	title = {Saving Time Saves Lives},
	volume = {104},
	number = {21},
	pages = {2506--2508},
	year = {2001},
	publisher = {American Heart Association, Inc.},
	issn = {0009-7322},
	URL = {http://circ.ahajournals.org/content/104/21/2506},
	eprint = {http://circ.ahajournals.org/content/104/21/2506.full.pdf},
	journal = {Circulation}
}

@MISC{Pound2017,
  author = {Dr. Mike Pound},
  title = {Dijkstra's Algorithm},
  publisher = {Brady Haran "Computerphile"},
  howpublished = {\url{https://youtu.be/GazC3A4OQTE}},
  year = {2017}
}

%--------------------------------------- LATEX---------------------------------------%

@BOOKLET{Madsen2010,
	author = {Lars Madsen},
  	title = {Introduktion til {LaTeX}},
 	year = {2010},
	howpublished = {\url{http://www.imf.au.dk/system/latex/bog/}}
}

@MISC{Oetiker2010,
  author = {Tobias Oetiker},
  title = {The Not So Short A Introduction to {LaTeX2e}},
  year = {2010},
  howpublished = {\url{http://tobi.oetiker.ch/lshort/lshort.pdf}}
}
 
@BOOK{Mittelbach2005,
  author = {Frank Mittelbach},
  edition = {2. ed.},
  publisher = {Addison-Wesley},
  title = {The LATEX companion},
  year = 2005
}
